<?xml version="1.0" encoding="UTF-8"?><record xmlns="http://www.loc.gov/MARC21/slim" xmlns:cinclude="http://apache.org/cocoon/include/1.0" xmlns:zs="http://www.loc.gov/zing/srw/">
  <leader>01003cz  a2200241n  4500</leader>
  <controlfield tag="001">nb2001038000</controlfield>
  <controlfield tag="003">DLC</controlfield>
  <controlfield tag="005">20130710144310.0</controlfield>
  <controlfield tag="008">010530n| azannaabn          |a aaa      </controlfield>
  <datafield tag="010" ind1=" " ind2=" ">
    <subfield code="a">nb2001038000</subfield>
    <subfield code="z">n 2003111616</subfield>
    <subfield code="z">no2007076746</subfield>
  </datafield>
  <datafield tag="040" ind1=" " ind2=" ">
    <subfield code="a">Uk</subfield>
    <subfield code="b">eng</subfield>
    <subfield code="e">rda</subfield>
    <subfield code="c">Uk</subfield>
    <subfield code="d">DLC</subfield>
  </datafield>
  <datafield tag="046" ind1=" " ind2=" ">
    <subfield code="f">19441213</subfield>
  </datafield>
  <datafield tag="100" ind1="1" ind2=" ">
    <subfield code="a">Allen, Richard,</subfield>
    <subfield code="d">1944 December 13-</subfield>
  </datafield>
  <datafield tag="372" ind1=" " ind2=" ">
    <subfield code="a">Financial management</subfield>
  </datafield>
  <datafield tag="375" ind1=" " ind2=" ">
    <subfield code="a">male</subfield>
  </datafield>
  <datafield tag="377" ind1=" " ind2=" ">
    <subfield code="a">eng</subfield>
  </datafield>
  <datafield tag="378" ind1=" " ind2=" ">
    <subfield code="q">Richard Ian Gordon</subfield>
  </datafield>
  <datafield tag="400" ind1="1" ind2=" ">
    <subfield code="w">nnea</subfield>
    <subfield code="a">Allen, Richard,</subfield>
    <subfield code="d">1944 Dec. 13-</subfield>
  </datafield>
  <datafield tag="670" ind1=" " ind2=" ">
    <subfield code="a">Managing public expenditure, c2001:</subfield>
    <subfield code="b">t.p. (Richard Allen) BL AL  sent 16 May 2001</subfield>
  </datafield>
  <datafield tag="670" ind1=" " ind2=" ">
    <subfield code="a">BL AL recd. 30 May 2001</subfield>
    <subfield code="b">(Richard Ian Gordon Allen, born 13 Dec. 1944)</subfield>
  </datafield>
  <datafield tag="670" ind1=" " ind2=" ">
    <subfield code="a">Allen, Richard. Assessing and reforming public financial management, 2003:</subfield>
    <subfield code="b">CIP t.p. (Richard Allen; b. Dec. 13. 1944)</subfield>
  </datafield>
  <datafield tag="670" ind1=" " ind2=" ">
    <subfield code="a">Managing and controlling extrabudgetary funds, 2006:</subfield>
    <subfield code="b">t.p. (Richard Allen, International Monetary Fund)</subfield>
  </datafield>
  <datafield tag="670" ind1=" " ind2=" ">
    <subfield code="a">IMF tel. dir., July 2006:</subfield>
    <subfield code="b">p. 33 (Allen, Richard Ian Gordon)</subfield>
  </datafield>
</record>